@article{angluin1988queries,
  title={Queries and concept learning},
  author={Angluin, Dana},
  journal={Machine learning},
  volume={2},
  number={4},
  pages={319--342},
  year={1988},
  publisher={Springer}
}

@article{jha2017theory,
  title={A theory of formal synthesis via inductive learning},
  author={Jha, Susmit and Seshia, Sanjit A},
  journal={Acta Informatica},
  volume={54},
  number={7},
  pages={693--726},
  year={2017},
  publisher={Springer}
}

@article{solar2006combinatorial,
  title={Combinatorial sketching for finite programs},
  author={Solar-Lezama, Armando and Tancau, Liviu and Bodik, Rastislav and Seshia, Sanjit and Saraswat, Vijay},
  journal={ACM Sigplan Notices},
  volume={41},
  number={11},
  pages={404--415},
  year={2006},
  publisher={ACM}
}

@article{van2009note,
  title={A note on bounds for VC dimensions},
  author={Van Der Vaart, Aad and Wellner, Jon A},
  journal={Institute of Mathematical Statistics collections},
  volume={5},
  pages={103},
  year={2009},
  publisher={NIH Public Access}
}

@book{shalev2014understanding,
  title={Understanding machine learning: From theory to algorithms},
  author={Shalev-Shwartz, Shai and Ben-David, Shai},
  year={2014},
  publisher={Cambridge university press}
}

@book{kearns1994introduction,
  title={An introduction to computational learning theory},
  author={Kearns, Michael J and Vazirani, Umesh Virkumar},
  year={1994}
}